@inproceedings{anastasiu-dsaa2016,
   author    = {David C. Anastasiu and George Karypis},
   title     = {Efficient Identification of Tanimoto Nearest Neighbors},
   booktitle = {2016 IEEE International Conference on Data Science and Advanced Analytics (DSAA)},
   series    = {DSAA '16},
   year      = {2016},
   pages     = {156-165},
   location  = {Montr\'{e}al, Canada},
   note      = {Best Research Paper Award},
}

